@ARTICLE{wood:clickers,
	author = "William B. Wood",
	title = "{Clickers: A Teaching Gimmick that Works}",
	journal = "Developmental Cell",
	volume = {7},
	pages =  {796-798},
	year = {2004},
	annote = {A report on the use of clickers in teaching - used to research the validity of the project}
}

@ARTICLE{martyn:clickers,
	author = "Margie Martyn",
	title = "{Clickers in the Classroom: An Active Learning Approach}",
	journal = "Educause Quarterly",
	volume = {2},
	pages =  {71-74},
	year = {2007},
	annote = {A brief analysis of the effect of clickers on test scores. The list of best practices also gave me ideas on how I can optimise content types.}
}

@MISC{gartner:mobile,
	AUTHOR = "Gartner Inc.",
	TITLE = "{Gartner Says Worldwide Mobile Phone Sales Grew 17 Per Cent in First Quarter 2010}",
	URL= "http://www.gartner.com/it/page.jsp?id=1372013",
	DAY = {19},
	MONTH = May,
	YEAR = {2010},
	ANNOTE = {Used to find data on worldwide mobile operating system usage.}
}

@MISC{python:web,
	author = "Python Software Foundation",
	title = "Python",
	note = "\url{http://www.python.org/}",
	annote = {Python was the language chosen for the implementation of the presenter system. Documentation provided on this site is complete and detailed.}
}

@MISC{django:web,
	author = "Django Software Foundation",
	title = "{Django Project}",
	note = "\url{http://www.djangoproject.com/}",
	annote = {The Django web framework was used for the presenter system to abstract away a lot of the functionality which was not considered a defining point of the project. The Django documentation on this site is well-written and complete, it was often referenced and proved very useful during development.}
}

@MISC{nodejs:web,
	author = "Joyent, Inc.",
	title = "Node.js",
	note = "\url{http://www.nodejs.org/}",
	annote = {Node.js was used to write an event-driven distribution and forwarding server for content. Documentation on Node was relatively poor at the time of development, but the site still served as reference material for Node.js functionality.}
}

@MISC{jquery:web,
	author = "The jQuery Project",
	title = "{jQuery}",
	note = "\url{http://www.jquery.com/}",
	annote = {jQuery was the library of choice for frontend JavaScript, this site provided excellent documentation for referencing jQuery functionality/}
}

@MISC{redis:web,
	author = "Salvatore Sanfilippo",
	title = "Redis",
	note = "\url{http://www.redis.io/}",
	annote = {Redis was used for multiple purposes in the project, including caching and distribution. The Redis site has exceptional documentation on all commands useable and proved very useful during development.}
}

@MISC{mysql:web,
	author = "Oracle Corporation",
	title = "{MySQL}",
	note = "\url{http://www.mysql.com/}",
	annote = {MySQL was chosen as the RDBMS used for storing data on the presenter system. I did not use the site for documentation, as using the Django ORM reduced the need for direct interaction with the database.}
}

@MISC{linode:web,
	author = "Linode, LLC.",
	title = "Linode",
	note = "\url{http://www.linode.com/}",
	annote = {A VPS provided by Linode was used as the development platform for the site. I had past experience with hosting with Linode and was therefore comfortable developing on a server provided by them.}
}

@MISC{ubuntu:web,
	author = "Canonical Ltd.",
	title = "Ubuntu",
	note = "\url{http://www.ubuntu.com/}",
	annote = {Ubuntu was the primary operating system used for developing the system.}
}

@MISC{tmux:web,
	author = "Nicholas Marriott",
	title = "tmux",
	note = "\url{http://tmux.sourceforge.net/}",
	annote = {tmux, a terminal multiplexer similar to GNU Screen was used to enable me to maintain a development session using multiple terminals.}
}

@MISC{vim:web,
	author = "Bram Moolenaar",
	title = "Vim",
	note = "\url{http://www.vim.org/}",
	annote = {The Vim editor was used as the primary editor for coding and development of the system.}
}

@MISC{git:web,
	author = "Linus Torvalds",
	title = "Git",
	note = "\url{http://www.git-scm.com/}",
	annote = {The project was versioned using the Git version control system.}
}

@MISC{github:web,
	author = "GitHub Inc.",
	title = "{GitHub}",
	note = "\url{http://www.github.com/}",
	annote = {A Git remote was set up as a private repository on GitHub.}
}

@MISC{nginx:web,
	author = "Igor Sysoev",
	title = "nginx",
	note = "\url{http://nginx.org/}",
	annote = {Nginx, a lightweight HTTP server, was used to proxy to all services required by the system.}
}

@MISC{gunicorn:web,
	author = "Benoit Chesneau",
	title = "Gunicorn",
	note = "\url{http://gunicorn.org/}",
	annote = {A Python WSGI server used to serve the Django application.}
}

@MISC{webkit:web,
	author = "WebKit",
	title = "{The WebKit Open Source Project}",
	note = "\url{http://www.webkit.org/}",
	annote = {Provides details on support for HTML5 and JavaScript technologies in WebKit}
}

@MISC{diffusionwikipedia:web,
	author = "Wikipedia",
	title = "Diffusion",
	note = "\url{http://en.wikipedia.org/wiki/Diffusion/} [From version created at: 5:45 18 April]",
	annote = {Used for inspiration for project name.}
}

@MISC{djangomvcfaq:web,
	author = "Wikipedia",
	title = "{Django FAQ - Django appears to be a {MVC} framework, but you call the Controller the “view”, and the View the “template”. How come you don’t use the standard names?}",
	note = "\url{http://docs.djangoproject.com/en/dev/faq/general/}",
	annote = {Referred to for information on the Django designers' interpretation of the MVC pattern, MTV, and their description of it.}
}

@MISC{redispy:web,
	author = "Andy McCurdy",
	title = "{Redis-py - GitHub}",
	note = "\url{https://github.com/andymccurdy/redis-py}",
	annote = {The Redis-py library was used as to interface with Redis from the presenter system. This is the official repository for the library.}
}

@MISC{highcharts:web,
	author = "Highslide Software",
	title = "{Highcharts - Interactive JavaScript charts for your web projects}",
	note = "\url{http://www.highcharts.com/}",
	annote = {HighCharts was used to render results for some content types. I found the library to be extremely flexible and well documented, and it worked exceptionally well with the live updating required by the system. HighCharts was available under Creative Commons Attribution-NonCommercial 3.0 for non-commercial projects.}
}

@MISC{socketio:web,
	author = "Guillermo Rauch",
	title = "{Socket.IO}",
	note = "\url{http://www.socket.io}",
	annote = {Socket.io was the library used on both the client and server to implement realtime web-based communication methods.}
}

@MISC{noderedis:web,
	author = "Matthew Ranney",
	title = "{node\_redis on GitHub}",
	note = "\url{http://github.com/mranney/node_redis}",
	annote = {node\_redis was the library used to interface with Redis from the Node.js distribution server. Initially, the redis-node-client library was used but the developers stopped supporting it and node\_redis replace it.}
}

@MISC{connect:web,
	author = "Sencha Labs",
	title = "{Connect}",
	note = "\url{http://senchalabs.github.com/connect/}",
	annote = {Connect was used to assist with creating the HTTP component of the distribution server, serving static files and dealing with sessions.}
}

@MISC{connectredis:web,
	author = "Vision Media",
	title = "{Connect Redis on GitHub}",
	note = "\url{http://github.com/visionmedia/connect-redis}",
	annote = {Connect Redis was used as the session backend for Connect's session middleware.}
}

@MISC{yepnope:web,
	author = "Alex Sexton and Ralph Holzmann",
	title = "{yepnope.js -  A conditional loader for your polyfills}",
	note = "\url{http://yepnopejs.com/}",
	annote = {yepnope.js was used as a loader for mote type-specific scripts. While it also supports conditional resource loading, this feature was not used for the project.}
}

@MISC{mustache:web,
	author = "Chris Wanstrath",
	title = "{Mustache}",
	note = "\url{http://mustache.github.com/}",
	annote = {Mustache was the templating language used for defining the structure and layout of motes rendered on the client.}
}

@MISC{mustachejs:web,
	author = "Jan Lehnardt",
	title = "{Mustache.js}",
	note = "\url{https://github.com/janl/mustache.js/}",
	annote = {Mustache.js is the JavaScript implementation of Mustache, used to parse and render motes' templates in Flux.}
}

@MISC{nodechatjs:web,
	author = "Justin Slattery",
	title = "{NodeChat}",
	note = "\url{https://github.com/jslatts/nodechat}",
	annote = {Used as inspiration for the event-based communication model used in Flux.}
}

@MISC{south:web,
	author = "Torchbox",
	title = "{South}",
	note = "\url{http://south.aeracode.org/}",
	annote = {South is a data migration system for Django. It was used to maintain test data while adding and changing models during development.}
}

@MISC{tinymce:web,
	author = "MoxieCode",
	title = "{TinyMCE}",
	note = "\url{http://tinymce.moxiecode.com/}",
	annote = {TinyMCE is a JavaScript WYSIWYG editor used for editing HTML content in web pages. This was used for the administration interface for the Slide type.}
}

@MISC{djangotinymce:web,
	author = "Joost Cassee",
	title = "{django-tinymce}",
	note = "\url{http://code.google.com/p/django-tinymce/}",
	annote = {django-tinymce was used to implement TinyMCE as a widget for editing the Slide mote type.}
}

@MISC{raphaeljs:web,
	author = "Dmitry Baranosvskiy",
	title = "{Raphael - JavaScript Library}",
	note = "\url{http://raphaeljs.com/}",
	annote = {Raphael is a JavaScript library used for creating SVG graphics. This was used in the Association mote type to draw lines between options.}
}

@MISC{jqueryuiipad:web,
	author = "Stephen von Takach",
	title = "{jQuery UI for iPhone, iPad and iPod Touch}",
	note = "\url{http://code.google.com/p/jquery-ui-for-ipad-and-iphone/}",
	annote = {This plugin was used for the Association mote type, enabling a mapping between jQuery click/drag events to their equivalent touch events.}
}

@MISC{heatmap:web,
	author = "Patrick Wied",
	title = "{Heatmap.js}",
	note = "\url{http://www.patrick-wied.at/static/heatmapjs/}",
	annote = {Now a fully-fledged plugin, parts of heatmap.js code was used to generate heatmaps for the Heatmap mote type. At the time of development, this was not a finalised plugin.}
}

@MISC{jquerythrottle:web,
	author = "Remy Sharp",
	title = "{Throttling function calls}",
	note = "\url{http://remysharp.com/2010/07/21/throttling-function-calls/}",
	annote = {This snippet was used to throttle checking the input field for the Feedback mote type to prevent network traffic on every key press.}
}

@MISC{pil:web,
	author = "Pythonware",
	title = "{Python Image Library (PIL)}",
	note = "\url{http://www.pythonware.com/products/pil/}",
	annote = {PIL was used with Django's built-in ImageField support for storing images for the HeatMap data type.}
}

@MISC{djangopolymorphic:web,
	author = "Bert Constantin",
	title = "{Polymorphic Models for Django}",
	note = "\url{http://bserve.webhop.org/django_polymorphic/}",
	annote = {The structure of mote types depended on the use of django-polymorphic to support specialisation of the Mote model when required.}
}

@MISC{djangoannoying:web,
	author = "Anderson",
	title = "{django-annoying on BitBucket}",
	note = "\url{https://bitbucket.org/offline/django-annoying}",
	annote = {This utility library was used to simplify some Django development.}
}

@MISC{debugtoolbar:web,
	author = "Rob Hudson",
	title = "{django-debug-toolbar on GitHub}",
	note = "\url{https://github.com/robhudson/django-debug-toolbar}",
	annote = {This utility library aided in developing and debugging the presenter system. It provides debug information panels on rendered views containing headers, available variables and the context used.}
}

@MISC{commandt:web,
	author = "Wincent Colaiuta",
	title = "{Command-T}",
	note = "\url{https://wincent.com/products/command-t}",
	annote = {This Vim plugin was used for quickly navigating the projects' file structure while developing.}
}

@MISC{pyflakes:web,
	author = "Moe Aboulkheir",
	title = "{Pyflakes}",
	note = "\url{http://pypi.python.org/pypi/pyflakes}",
	annote = {Pyflakes was used with the pyflakes.vim plugin to detect errors in Python source while developing.}
}

@MISC{iterativedevelopment:web,
	author = "Wikipedia",
	title = "{Iterative and incremental development}",
	note = "\url{http://en.wikipedia.org/wiki/Iterative_and_incremental_development}",
	annote = {Used for researching the iterative development model.}
}

@MISC{waterfallmodel:web,
	author = "Wikipedia",
	title = "{Waterfall model}",
	note = "\url{http://en.wikipedia.org/wiki/Waterfall_model}",
	annote = {Used for researching the waterfall development model.}
}

@MISC{ipadpopu:web,
	author = "{Sammy The Walrus IV}",
	title = "{Business Insider - Steve Jobs Wasn't Lying: Apple's iPad Market Share Was Really More Than 90\% Last Year}",
	note = "\url{http://www.businessinsider.com/ipad-share-2011-3}",
	annote = {For additional information on the current iPad market share.}
}

@MISC{pubsub:web,
	author = "{Wikipedia}",
	title = "{Publish/subscribe}",
	note = "\url{http://en.wikipedia.org/wiki/Publish/subscribe}",
	annote = {Used for information on the publish/subscribe pattern used in Redis.}
}

@MISC{shibboleth:web,
	author = "{Internet2}",
	title = "{Shibboleth}",
	note = "\url{http://shibboleth.internet2.edu/}",
	annote = {Used for research in to potential implementation of Shibboleth for logging in users.}
}

@MISC{oauth:web,
	author = "{Chris Messina and Blain Cook}",
	title = "{OAuth}",
	note = "\url{http://oauth.net/}",
	annote = {Used for research in to potential implementation of OAuth for logging in users.}
}

@MISC{polymorphism:web,
	author = "{Wikipedia}",
	title = "{Polymorphism in object-oriented programming}",
	note = "\url{http://en.wikipedia.org/wiki/Polymorphism_in_object-oriented_programming}",
	annote = {The structure of the Mote design is built around the concept of polymorphism; this page was used to clarify the structure of a polymorphic design.}
}

@MISC{eav:web,
	author = "{Wikipedia}",
	title = "{Entity-attribute-value model}",
	note = "\url{http://en.wikipedia.org/wiki/Entity-attribute-value_model}",
	annote = {An alternative way of structuring mote types, using an EAV model was researched. This paged helped with understanding how they work and are constructed.}
}

@MISC{json:web,
	author = "{Douglas Crockford}",
	title = "{Introducing JSON}",
	note = "\url{http://www.json.org/}",
	annote = {JSON was used as the data interchange format in communication between the three parts of the system. This page was used as a reference for the structure of the JSON format.}
}

@MISC{xml:web,
	author = "{Norman Walsh}",
	title = "{A Technical Introduction to XML}",
	note = "\url{http://www.xml.com/pub/a/98/10/guide0.html}",
	annote = {XML was briefly considered as the data interchange format for the system. This page was used to find more information on its structure and implementation.}
}

@MISC{pickle:web,
	author = "{Python Software Foundation}",
	title = "{pickle - Python object serialization}",
	note = "\url{http://docs.python.org/library/pickle.html}",
	annote = {Pickling was an alternative form of serialisation considered for data interchange. This Python documentation page was used for a reference on its implementation.}
}

@MISC{apache:web,
	author = "{The Apache Software Foundation}",
	title = "{Apache HTTP Server Project}",
	note = "\url{http://httpd.apache.org/}",
	annote = {Apache was researched as a potential distribution server candidate, but was considered unsuitable.}
}

@MISC{dommanipulation:web,
	author = "{The jQuery Project}",
	title = "{Manipulation - jQuery API}",
	note = "\url{http://api.jquery.com/category/manipulation/}",
	annote = {DOM manipulation was used heavily for both the presenter and client interface. This jQuery API page was used to reference functions available for modifying the DOM.}
}

@MISC{nginxapache:web,
	author = "WebFaction",
	title = "{A little holiday present: 10,000 reqs/sec with Nginx!}",
	note = "\url{http://blog.webfaction.com/a-little-holiday-present}",
	annote = {Analyses Apache performance vs Nginx with a brief explanation of thread-based vs event-based servers.}
}

@MISC{twisted:web,
	author = "Twisted Matrix Labs",
	title = "{Twisted}",
	note = "\url{http://twistedmatrix.com/trac/}",
	annote = {Twisted was considered as an option for the distribution server - this site was used to research its use and implementation.}
}

@MISC{eventmachine:web,
	author = "Francis Cianfrocca",
	title = "{EventMachine}",
	note = "\url{http://rubyeventmachine.com/}",
	annote = {EventMachine was another consideration for implementing the distribution server. This site has full documentation on its use which was used in deciding whether it should be used.}
}

@MISC{erlang:web,
	author = "erlang.org",
	title = "{Erlang Programming Language}",
	note = "\url{http://www.erlang.org/}",
	annote = {When deciding what language should be used for implementing the distribution server, Erlang was briefly considered and researched using this site.}
}

@MISC{scala:web,
	author = "École Polytechnique Fédérale de Lausanne (EPFL)",
	title = "{The Scala Programming Language}",
	note = "\url{http://www.scala-lang.org/}",
	annote = {As with Erlang, Scala was also briefly considered and researched using this site.}
}

@MISC{asyncio:web,
	author = "Wikipedia",
	title = "{Asynchronous I/O}",
	note = "\url{http://en.wikipedia.org/wiki/Asynchronous_I/O}",
	annote = {When researching the effects of blocking in a real-time server, this page was used for information on solutions for asynchronous I/O.}
}

@MISC{nodejspresentation:web,
	author = "Ryan Dahl",
	title = "{Video: Node.js by Ryan Dahl}",
	note = "\url{http://jsconf.eu/2009/video_nodejs_by_ryan_dahl.html}",
	annote = {This presentation helped explain the effects of blocking I/O, and how it is solved in evented systems such as Node.js.}
}

@MISC{websockets:web,
	author = "Ian Hickson",
	title = "{The WebSocket API}",
	note = "\url{http://dev.w3.org/html5/websockets/}",
	annote = {The WebSocket API documentation was used for researching potential implementation requirements.}
}

@MISC{flashsockets:web,
	author = "Adobe Systems Incorporated",
	title = "{flash.net.Socket - ActionScript 3.0 Reference}",
	note = "\url{http://help.adobe.com/en_US/FlashPlatform/reference/actionscript/3/flash/net/Socket.html}",
	annote = {The Flash Socket documentation was used to research the potential requirements for implementing Flash Sockets.}
}

@MISC{comet:web,
	author = "Wikipedia",
	title = "{Comet (programming)}",
	note = "\url{http://en.wikipedia.org/wiki/Comet_(programming)}",
	annote = {Used for additional research in to the Comet web application model.}
}

@MISC{longpolling:web,
	author = "dbr",
	title = "{Simple ``Long Polling'' example code?}",
	note = "\url{http://stackoverflow.com/questions/333664/simple-long-polling-example-code/333884#333884}",
	annote = {This answer detailed the requirements for implementing a long polling style of communication.}
}

@MISC{xmlhttprequest:web,
	author = "Wikipedia",
	title = "{XMLHttpRequest}",
	note = "\url{http://en.wikipedia.org/wiki/XMLHttpRequest}",
	annote = {Used for researching the use of XMLHttpRequest for implementation of multipart streaming.}
}

@MISC{rpc:web,
	author = "Wikipedia",
	title = "{Remote procedure call}",
	note = "\url{http://en.wikipedia.org/wiki/Remote_procedure_call}",
	annote = {Used for researching potential implementations of a light RPC protocol.}
}

@MISC{jsonp:web,
	author = "Wikipedia",
	title = "{JSONP}",
	note = "\url{http://en.wikipedia.org/wiki/JSONP}",
	annote = {JSONP was researched to solve the dynamic resource loading issues.}
}

@MISC{selenium:web,
	author = "OpenQA",
	title = "{About Selenium}",
	note = "\url{http://seleniumhq.org/about/}",
	annote = {An automated GUI testing tool considered for automated testing.}
}

@MISC{persistentfunction:web,
	author = "Matt",
	title = "{Javascript: Creating a persistently bound function}",
	note = "\url{http://stackoverflow.com/questions/4967689/javascript-creating-a-persistently-bound-function/4967732#4967732}",
	annote = {A problem with the binding of the `this' keyword when passing functions as parameters hindered development for a while. This solution was posted to my question on Stack Overflow which resolved the issue.}
}

@BOOK{crane:comet,
	author = "Dave Crane and Phil McCarthy",
	title = "{Comet and Reverse Ajax: The Next Generation Ajax 2.0}",
	publisher = "Apress",
	year = "2008",
	annote = {Read the first three chapters which outline what Comet applications are, how they work and how they can be implemented.}
}

@BOOK{krug:dontmakemethink,
	author = "Steve Krug",
	title = "{Don't Make Me Think Second Ediiton}",
	publisher = "New Riders",
	year = "2005",
	annote = {Lots of interesting information about usability which was used for improving both the Diffuse and Flux interfaces.}
}