@ARTICLE{wood:clickers,
	AUTHOR = "William B. Wood",
	TITLE = "Clickers: A Teaching Gimmick that Works",
	JOURNAL = "Developmental Cell",
	VOLUME = {7},
	PAGES =  {796-798},
	YEAR = {2004}
}

@MISC{gartner:mobile,
	AUTHOR = "Gartner Inc.",
	TITLE = "Gartner Says Worldwide Mobile Phone Sales Grew 17 Per Cent in First Quarter 2010",
	URL= "http://www.gartner.com/it/page.jsp?id=1372013",
	DAY = {19},
	MONTH = May,
	YEAR = {2010},
	ANNOTE = {Used to find data on worldwide mobile operating system usage.}
}

@MISC{nokia:browser,
	AUTHOR = "Nokia",
	TITLE = "Nokia develops a new browser for Series 60 by using open source software",
	URL = "http://press.nokia.com/PR/200506/998214_5.html",
	DAY = {13},
	MONTH = Jun,
	YEAR = {2005},
	ANNOTE = {Details on how Nokia's Series 60 browser uses WebKit's WebCore and JavaScriptCore}
}

@MISC{rim:browser,
	AUTHOR = "Research In Motion",
	TITLE = "BlackBerry 6: Inside the NEW BlackBerry Browser",
	URL = "http://blogs.blackberry.com/2010/08/blackberry-6-new-browser/",
	DAY = {4},
	MONTH = Aug,
	YEAR = {2010},
	ANNOTE = {Details the features of the BlackBerry 6 browser, including how it is built on WebKit}
}