@MISC{html5:website,
      AUTHOR = "Ian Hickson",
      TITLE = "A vocabulary and associated {API}s for {HTML} and {XHTML}",
      MONTH = "October",
      YEAR = {2010},
      NOTE = "\texttt{http://dev.w3.org/html5/spec/}"
}
@MISC{javascript:website,
      TITLE = "JavaScript - Mozilla Developer Center",
      MONTH = "September",
      YEAR = {2010},
      NOTE = "\texttt{https://developer.mozilla.org/en/JavaScript}"
}
@MISC{jquery:website,
      TITLE = "{jQuery} {API}",
      NOTE = "\texttt{http://api.jquery.com/}"
}
@MISC{xml:website,
      AUTHOR = "Tim Bray and Jean Paoli and C.M. Sperberg-McQueen and Eve Maler and Fran√ßois Yergeau",
      TITLE = "Extensible Markup Language ({XML}) 1.0 (Fifth Edition)",
      MONTH = "November",
      YEAR = {2008},
      NOTE = "\texttt{http://www.w3.org/TR/REC-xml/}"
}
@MISC{json:website,
      TITLE = "{JSON}",
      NOTE = "\texttt{http://www.json.org/}"
}
@MISC{nodejs:website,
      TITLE = "Node {API}",
      NOTE = "\texttt{http://nodejs.org/api.html}"
}
@MISC{twisted:website,
      TITLE = "Twisted Documentation",
      NOTE = "\texttt{http://twistedmatrix.com/trac/wiki/Documentation}"
}
@MISC{eventmachine:website,
      TITLE = "EventMachine Documentation",
      NOTE = "\texttt{http://eventmachine.rubyforge.org/}"
}
@MISC{websockets:website,
      AUTHOR = "Ian Hickson",
      TITLE = "The WebSockets {API}",
      MONTH = "September",
      YEAR = {2010},
      NOTE = "\texttt{http://dev.w3.org/html5/websockets/}"
}
@MISC{python:website,
      TITLE = "Python Documentation",
      NOTE = "\texttt{http://docs.python.org/}"
}
@MISC{ruby:website,
      TITLE = "Ruby Documentation",
      NOTE = "\texttt{http://www.ruby-lang.org/en/documentation/}"
}
@MISC{php:website,
      TITLE = "{PHP} Documentation",
      NOTE = "\texttt{http://php.net/docs.php}"
}
@MISC{memcachedb:website,
      TITLE = "{MemcacheDB}",
      NOTE = "\texttt{http://memcachedb.org/}"
}
@MISC{redis:website,
      TITLE = "Redis",
      NOTE = "\texttt{http://code.google.com/p/redis/}"
}